<record><leader>00000cas a2200000 a 4500</leader><controlfield tag="001">36670641</controlfield><controlfield tag="008">970403c19959999fluwr ne      0    0eng c</controlfield><datafield ind1=" " ind2=" " tag="010"><subfield code="a">sn 97027560 </subfield></datafield><datafield ind1=" " ind2=" " tag="040"><subfield code="a">FUG</subfield><subfield code="b">eng</subfield><subfield code="c">FUG</subfield><subfield code="d">OCLCQ</subfield><subfield code="d">OCLCF</subfield><subfield code="d">OCLCO</subfield></datafield><datafield ind1="1" ind2=" " tag="029"><subfield code="a">AU@</subfield><subfield code="b">000013196475</subfield></datafield><datafield ind1=" " ind2=" " tag="032"><subfield code="a">367780</subfield><subfield code="b">USPS</subfield></datafield><datafield ind1=" " ind2=" " tag="037"><subfield code="b">Histed Media Group, 1020 N. Church Ave (Highway 37 North), Mulberry, FL 33860</subfield></datafield><datafield ind1=" " ind2=" " tag="042"><subfield code="a">pcc</subfield></datafield><datafield ind1=" " ind2=" " tag="043"><subfield code="a">n-us-fl</subfield></datafield><datafield ind1="0" ind2=" " tag="130"><subfield code="a">Polk County press (Mulberry, Fla. : Mulberry/South Lakeland/Highlands ed.)</subfield></datafield><datafield ind1="1" ind2="4" tag="245"><subfield code="a">The Polk County press.</subfield></datafield><datafield ind1=" " ind2=" " tag="250"><subfield code="a">Mulberry/South Lakeland/Highlands ed.</subfield></datafield><datafield ind1=" " ind2=" " tag="260"><subfield code="a">Mulberry, Fla. :</subfield><subfield code="b">Polk County Press,</subfield><subfield code="c">1995-</subfield></datafield><datafield ind1=" " ind2=" " tag="300"><subfield code="a">v. :</subfield><subfield code="b">ill.</subfield></datafield><datafield ind1=" " ind2=" " tag="310"><subfield code="a">Weekly</subfield></datafield><datafield ind1="0" ind2=" " tag="362"><subfield code="a">Vol. 87, no. 42 (May 4, 1995)-</subfield></datafield><datafield ind1=" " ind2=" " tag="500"><subfield code="a">Later called: Mulberry ed.</subfield></datafield><datafield ind1=" " ind2=" " tag="588"><subfield code="a">Latest issue consulted: Vol. 87, no. 32 (Mar. 6, 1997).</subfield></datafield><datafield ind1=" " ind2="0" tag="651"><subfield code="a">Mulberry (Fla.)</subfield><subfield code="v">Newspapers.</subfield></datafield><datafield ind1=" " ind2="0" tag="651"><subfield code="a">Polk County (Fla.)</subfield><subfield code="v">Newspapers.</subfield></datafield><datafield ind1=" " ind2="7" tag="655"><subfield code="a">Newspapers.</subfield><subfield code="2">fast</subfield><subfield code="0">(OCoLC)fst01423814</subfield></datafield><datafield ind1=" " ind2="7" tag="651"><subfield code="a">Florida</subfield><subfield code="z">Mulberry.</subfield><subfield code="2">fast</subfield><subfield code="0">(OCoLC)fst01216873</subfield></datafield><datafield ind1=" " ind2="7" tag="651"><subfield code="a">Florida</subfield><subfield code="z">Polk County.</subfield><subfield code="2">fast</subfield><subfield code="0">(OCoLC)fst01214944</subfield></datafield><datafield ind1=" " ind2=" " tag="752"><subfield code="a">United States</subfield><subfield code="b">Florida</subfield><subfield code="c">Polk</subfield><subfield code="d">Mulberry.</subfield></datafield><datafield ind1="0" ind2="4" tag="780"><subfield code="t">Mulberry press</subfield><subfield code="w">(DLC)sn 97027558</subfield><subfield code="w">(OCoLC)36670634</subfield></datafield><datafield ind1="0" ind2="4" tag="780"><subfield code="t">Highlands press</subfield><subfield code="w">(DLC)sn 97027559</subfield><subfield code="w">(OCoLC)36670636</subfield></datafield></record>